@article{dfo2021,
	author = {DFO},
	title = {Evaluating the robustness of candidate management procedures in the {BC} {S}ablefish
({\emph{Anoplopoma fimbria}}) fishery for 2020-2021},
  journal   = {DFO Can. Sci. Advis. Sec. Sci. Resp.},
	year = {2021},
	Number = {25},
}


DFO. 2020. Evaluating the robustness of candidate management procedures in the BC Sablefish
(Anoplopoma fimbria) fishery for 2019-2020.  2020/025. 

@article{francis2011,
	author = {R. I. C. C. Francis},
	title = {Data weighting in statistical fisheries stock assessment models},
  journal   = {Can. J. Fish. Aquat. Sci.},
	year = {2011},
	Volume = {68},
	Number = {6},
	Pages = {1124-1138},
}

@article{edwards2013,
  author       = {A. M. Edwards and R. Haigh and P. J. Starr},
  year         = {2014},
  title        = {Pacific {Ocean Perch} ({\emph{Sebastes alutus}}) stock
    assessment for the north and west coasts of {Haida Gwaii, British Columbia}},
  journal   = {DFO Can. Sci. Advis. Sec. Res. Doc.},
  volume    = {2013/092},
  pages     = {vi + 126~p}
}

@article{Wyeth2003,
  author       = {M.R. Wyeth and A.R. Kronlund},
  year         = {2003},
  title        = {Sablefish ({\emph{Anoplopoma fimbria}}) Research and Assessment Surveys conducted in {British Columbia} waters from 1996 through 2000.  },
  journal   = {Can. Data Rep. Fish. Aquat. Sci.},
  volume    = {2003/1116},
  pages     = {130 p}
}

@article{Smith1996,
  author     = {M.S. Smith and M.W. Saunders and W.T. Andrews},
  year         = {1996},
  title        = {Cruise details of sablefish ({\emph{Anoplopoma fimbria}}) surveys conducted in {B.C.} waters 1988-1993. },
  journal   = {Can. Tech. Rep. Fish.Aquat. Sci.},
  volume    = {1996/976},
  pages     = {129 p}
}

@article{Downes1997,
  author       = {A.J. Downes and W.T. Andrews and M.S. Smith and M.W. Saunders and G.D. Jewsbury.},
  year         = {1997},
  title        = {Cruise details of {Sablefish} ({\emph{Anoplopoma fimbria}}) surveys conducted in {B.C.} waters, 1994-1995. },
  journal   = {Can. Data Rep. Fish. Aquat. Sci.},
  volume    = {1997/1007},
  pages     = {106 p.}
}

@article{Wyeth2004b,
  author       = {M.R. Wyeth and A.R. Kronlund and M. Elfert},
  year         = {2004},
  title        = {Summary of the 2003 {British Columbia Sablefish} ({\emph{Anoplopoma fimbria}}) {Research and Assessment Survey}.  },
  journal   = {Can. Data Rep. Fish. Aquat. Sci.},
  volume    = {2004/1148},
  pages     = {68 p}
}

@article{Wyeth2006,
  author       = {M.R. Wyeth and A.R. Kronlund and M. Elfert},
  year         = {2006},
  title        = {Summary of the 2004 {B}ritish {C}olumbia {S}ablefish ({\emph{Anoplopoma fimbria}}) {R}esearch and {A}ssessment {S}urveys. },
  journal   = {Can. Data Rep. Fish. Aquat. Sci.},
  volume    = {2006/2660},
  pages     = {74  p}
}

@article{Wyeth2004a,
  author       = {M.R. Wyeth and A.R. Kronlund and M. Elfert},
  year         = {2004},
  title        = {Summary of the 2002 {British Columbia Sablefish} ({\emph{Anoplopoma fimbria}}) {Research and Assessment Survey}.  },
  journal   = {Can. Data Rep. Fish. Aquat. Sci.},
  volume    = {2004/1140},
  pages     = {59 p}
}

@article{Olsen2010,
  author       = {N. Olsen},
  year         = {2010},
  title        = {CA user's guide to {GFBioField: The Pacific Region's} at-sea data acquisition system for groundfish trawl surveys. },
  journal   = {Can. Tech. Rep. Fish.Aquat. Sci.},
  volume    = {2010/2887},
  pages     = {x + 76 p}
}

@article{Cox2011,
  author       = {S. P. Cox and A.R. Kronlund and L. C. Lacko},
  year         = {2011},
  title        = {Management procedures for the multi-gear sablefish ({\emph{Anoplopoma fimbria}}) fishery in {B}ritish {C}olumbia, {C}anada. },
  journal   = {DFO Can. Sci. Advis. Sec. Res. Doc.},
  volume    = {2011/063},
  pages     = {viii + 45 p.}
}

@article{Orr2008,
  author       = {J.W. Orr and S. Hawkins},
  year         = {2008},
  title        = {Species of the rougheye rockfish complex resurrection of {S}ebastes melanostictus ({M}atsubara, 1934) and a redescription of {S}ebastes aleutianus ({J}ordan and {E}vermann, 1898) ({T}eleostei: {S}corpaeniformes). },
  journal   = {Fish. Bull.},
  volume    = {106(2)},
  pages     = {111-134.}
}

@article{Bond2015,
author = {Bond, Nicholas A. and Cronin, Meghan F. and Freeland, Howard and Mantua, Nathan},
year = {2015},
title = {Causes and impacts of the 2014 warm anomaly in the {NE} {P}acific},
journal = {Geophysical Research Letters},
volume = {42},
number = {9},
pages = {3414-3420}
}

@article{Lacko2020,
  author       = {L.C. Lacko and S.M. Acheson and B.M. Connors},
  year         = {2020},
  title        = {SUMMARY OF THE ANNUAL 2018 AND 2019 SABLEFISH ({A}NOPLOPOMA {F}IMBRIA) TRAP SURVEYS, OCTOBER 9 - NOVEMBER 19, 2018 AND OCTOBER 8 - NOVEMBER 25, 2019 },
  journal   = {Can. Data Rep. Fish. Aquat. Sci.},
  volume    = {2020/3396},
  pages     = {vii + 66 p.}
}

@article{DFO2013,
  author = {DFO},
  title = {A Review of Sablefish Population Structure in the Northeast Pacific Ocean and Implications for Canadian Seamount Fisheries.},
  journal = {DFO Can. Sci. Advis. Sec. Sci. Resp.},
  number = {2013/017},
  year = {2013}
 }
 
 @article{Amaya2020,
 author = {Amaya, D.J., Miller, A.J., Xie, SP. et al.}, 
 year         = {2020},
 title = {Physical drivers of the summer 2019 North Pacific marine heatwave.}, 
 journal = {Nat Commun },
 number = {11, 1903}
 }
 
 
 
 @article{DORANTESGILARD2020,
title = "Effects of the 2013-2016 Northeast Pacific warm anomaly on physical and biogeochemical variables off northwestern Baja California, derived from a numerical NPZD ocean model",
journal = "Deep Sea Research Part II: Topical Studies in Oceanography",
volume = "169-170",
pages = "104668",
year = "2019",
note = "Understanding changes in transitional areas of the Pacific Ocean",
issn = "0967-0645",
doi = "https://doi.org/10.1016/j.dsr2.2019.104668",
url = "http://www.sciencedirect.com/science/article/pii/S0967064518302698",
author = "Mariana Dorantes-Gilardi and David Rivas"
}
